@misc{maven1,
  author = {György Fekete},
  title = {{Maven alapok}},
  howpublished = "\url{http://www.zerotohero.hu/maven-alapok/}",
  year = {2014}, 
  note = "[2021.05.06.]"
}

@misc{maven2,
  author = {István Viczián},
  title = {{Maven kezdőlépések}},
  howpublished = "\url{https://www.jtechlog.hu/2010/04/28/maven-kezdolepesek.html}",
  year = {2010}, 
  note = "[2021.05.06.]"
}

@misc{gui,
  author = {},
  title = {{Advantages and disadvantages of AWT/SWING/SWT in Java GUI programming}},
  howpublished = "\url{https://topic.alibabacloud.com/a/advantages-and-disadvantages-of-awtswingswt-in-java-gui-programming_1_27_30391034.html}",
  year = {2016}, 
  note = "[2021.05.06.]"
}

@misc{awt,
  author = {},
  title = {{Java Abstract Window Toolkit(AWT)}},
  howpublished = "\url{https://www.studytonight.com/java/java-awt.php}",
  year = {}, 
  note = "[2021.05.06.]"
}

@article{swing,
  author = {Gábor Kövesdán},
  issn = {},
  journal = {},
  number = {},
  pages = {},
  title = {{Szoftverfejlesztés Java SE platformon}},
  volume = {},
  year = {2014}
}

@article{javafx,
  author = {Carl Dea and Mark Heckler and Gerrit Grunwald and Jose Pereda Ph.D and Sean M Phillips},
  issn = {},
  journal = {},
  number = {},
  pages = {},
  title = {{JavaFX 8 Introduction by Example}},
  volume = {},
  year = {2014}
}

@misc{javafx2,
  author = {Cindy Castillo},
  title = {{JavaFX Architecture}},
  howpublished = "\url{https://docs.oracle.com/javafx/2/architecture/jfxpub-architecture.htm#BABDFFDG}",
  year = {2013}, 
  note = "[2021.05.06.]"
}

@misc{javafx3,
  author = {Manoj Debnath},
  title = {{Multithreading in JavaFX}},
  howpublished = "\url{https://www.developer.com/design/multithreading-in-javafx/}",
  year = {2018}, 
  note = "[2021.05.06.]"
}

@misc{javafx4,
  author = {Manoj Debnath},
  title = {{What is JavaFX? An Introduction}},
  howpublished = "\url{https://www.developer.com/open-source/what-is-javafx-an-introduction/}",
  year = {2016}, 
  note = "[2021.05.06.]"
}

@misc{javafx5,
  author = {},
  title = {{JavaFX Frequently Asked Questions}},
  howpublished = "\url{https://www.oracle.com/java/technologies/javafx/faq-javafx.html}",
  year = {}, 
  note = "[2021.05.06.]"
}

@misc{javafx6,
  author = {},
  title = {{JavaFX - Overview}},
  howpublished = "\url{https://www.tutorialspoint.com/javafx/javafx_overview.htm}",
  year = {}, 
  note = "[2021.05.06.]"
}

@misc{riziko,
  author = {},
  title = {{Rizikó társasjáték játékszabály}},
  howpublished = "\url{http://www.gyerekjatekokrol.hu/tarsasjatek/riziko-tarsasjatek-jatekszabaly/}",
  year = {}, 
  note = "[2021.05.06.]"
}

@misc{java,
  author = {Lajos Ficsor},
  title = {{Java I. Java I.
A Java programoz Java programozási nyelv si nyelv
története, alapvet , alapvető jellemz jellemzői}},
  howpublished = "\url{http://users.iit.uni-miskolc.hu/ficsor/OOPSegedletek/java1hand.pdf}",
  year = {2007}, 
  note = "[2021.05.06.]"
}
@misc{netbeans,
  author = {},
  title = {{Apache NetBeans History}},
  howpublished = "\url{https://netbeans.apache.org/about/history.html}",
  year = {}, 
  note = "[2021.05.06.]"
}
@misc{netbeans2,
  author = {Viktor Török},
  title = {{A NetBeans IDE Ubuntu Linux operációs rendszeren}},
  howpublished = "\url{http://prog.lidercfeny.hu/pdf/NetBeans_Linux.pdf}",
  year = {}, 
  note = "[2021.05.06.]"
}

@misc{strava,
  author = {},
  title = {{The Strava API}},
  howpublished = "\url{https://developers.strava.com/}",
  year = {}, 
  note = "[2021.05.06.]"
}

@misc{latex,
  author = {},
  title = {{LaTeX2e 69 percben}},
  howpublished = "\url{https://www.szabilinux.hu/forditasok/lkh/konyvek/lkh_5.html}",
  year = {}, 
  note = "[2021.05.07.]"
}
@misc{git,
  author = {László Fazekas},
  title = {{Git és GitHub gyorstalpaló}},
  howpublished = "\url{https://medium.com/envienta-magyarorsz%C3%A1g/git-%C3%A9s-github-gyorstalpal%C3%B3-f2d78a732deb}",
  year = {2019}, 
  note = "[2021.05.07.]"
}
@misc{oauth,
  author = {Mitchell Anicas},
  title = {{An Introduction to OAuth 2}},
  howpublished = "\url{https://www.digitalocean.com/community/tutorials/an-introduction-to-oauth-2}",
  year = {2014}, 
  note = "[2021.05.07.]"
}
@misc{json,
  author = {},
  title = {{JSON bevezető}},
  howpublished = "\url{https://www.json.org/json-hu.html}",
  year = {}, 
  note = "[2021.05.07.]"
}
@misc{app,
  author = {Máté Hegyháti},
  title = {{How I Got Rich by Being Healthy}},
  howpublished = "\url{https://web.archive.org/web/20150329083616/http://blog.runkeeper.com/1987/how-i-got-rich-by-being-healthy/}",
  year = {2014}, 
  note = "[2021.05.07.]"
}
@misc{nhtsa,
  author = {NHTSA},
  title = {{Traffic Safety Facts}},
  howpublished = "\url{https://crashstats.nhtsa.dot.gov/Api/Public/ViewPublication/812806}",
  year = {2017}, 
  note = "[2021.05.07.]"
}
@misc{maryland,
  author = {Daniel C. Smith and Kristin M. Schreiber and Andreas Saltos and Sarah B. Lichenstein and Richard Lichenstein
},
  title = {{Ambulatory cell phone injuries in the United States: an emerging national concern}},
  howpublished = "\url{https://pubmed.ncbi.nlm.nih.gov/24237866/}",
  year = {2013}, 
  note = "[2021.05.07.]"
}

